@inproceedings{AbdElRahem2016,
	author = {AbdElRahem, O. and Bahaa-Eldin, A. M. and Taha, A.},
	title = {Virtualization security: A survey},
	booktitle = {2016 11th International Conference on Computer Engineering \& Systems (ICCES)},
	pages = {32-40},
	DOI = {10.1109/ICCES.2016.7821971},
	type = {Conference Proceedings},
	year = {2016}
}

@article{Adams,
	author = {Adams, Keith and Agesen, Ole},
	title = {A comparison of software and hardware techniques for x86 virtualization},
	journal = {SIGARCH Comput. Archit. News. ACM},
	volume = {34},
	number = {5},
	pages = {2-13},
	ISSN = {0163-5964},
	DOI = {10.1145/1168919.1168860},
	year = {2006},
	type = {Journal Article}
}

@article{Agrawal2013,
	author = {Agrawal, Shweta},
	title = {Hardware Virtualization towards a Proficient Computing Environment},
	journal = {International Journal of Innovation and Applied Studies},
	volume = {3},
	pages = {528-534},
	year = {2013},
	type = {Journal Article}
}

@article{Ameen2013,
	author = {Ameen, Radhwan Y and Hamo, Asmaa Y},
	title = {Survey of server virtualization},
	journal = {arXiv preprint arXiv:1304.3557},
	year = {2013},
	type = {Journal Article}
}


@inbook{Cafaro2011,
	author = {Cafaro, Massimo and Aloisio, Giovanni},
	title = {Grids, clouds, and virtualization},
	booktitle = {Grids, Clouds and Virtualization},
	publisher = {Springer},
	pages = {1-21},
	year = {2011},
	type = {Book Section}
}
@article{Chiueh2005,
   author = {Chiueh, Susanta Nanda Tzi-cker},
   title = {A survey on virtualization technologies},
   journal = {RPE Report},
   pages = {1-42},
   year = {2005},
   type = {Journal Article}
}

@book{Dike2006,
	author = {Dike, Jeff},
	title = {User mode linux},
	publisher = {Prentice Hall Englewood Cliffs},
	volume = {2},
	year = {2006},
	type = {Book}
}

@book{Dittner2011,
	author = {Dittner, Rogier and Rule, David},
	title = {The Best Damn Server Virtualization Book Period: Including Vmware, Xen, and Microsoft Virtual Server},
	publisher = {Syngress},
	ISBN = {0080556655},
	year = {2011},
	type = {Book}
}

@misc{DockerRelease2018,
	author = {{Docker web site}},
	title = {Docker Engine release notes},
	year = {2018 (accessed Dic 29, 2018)}, 
	howpublished = "\url{https://docs.docker.com/engine/release-notes/}",
	type = {misc}
}

@article{Douglis2013,
	author = {Douglis, F. and Krieger, O.},
	title = {Virtualization},
	journal = {IEEE Internet Computing},
	volume = {17},
	number = {2},
	pages = {6-9},
	ISSN = {1089-7801},
	DOI = {10.1109/MIC.2013.42},
	year = {2013},
	type = {Journal Article}
}


@phdthesis{Goldberg1973,
	author = {Goldberg, Robert P},
	title = {Architectural Principles for Virtual Computer Systems},
	school = {Harvard University},
	year = {1973},
	type = {Thesis}
}

@article{Goldberg1974,
	author = {Goldberg, Robert P},
	title = {Survey of virtual machine research},
	journal = {Computer},
	number = {6},
	pages = {34-45},
	ISSN = {0018-9162},
	year = {1974},
	type = {Journal Article}
}


@book{Goldworm2007,
   author = {Goldworm, Barb and Skamarock, Anne},
   title = {Blade servers and virtualization: transforming enterprise computing while cutting costs},
   publisher = {John Wiley \& Sons},
   ISBN = {0470139552},
   year = {2007},
   type = {Book}
}

@book{Hoopes2009,
	author = {Hoopes, John},
	title = {Virtualization for security: including sandboxing, disaster recovery, high availability, forensic analysis, and honeypotting},
	publisher = {Syngress},
	ISBN = {0080879357},
	year = {2009},
	type = {Book}
}



@article{Hui2014,
   author = {Hui, Lee Yong and Seok, Kim Hwan},
   title = {A Study of Savings of Power Consumption and Server Space through Integrated Virtualization of UNIX Servers},
   journal = {International Journal of Software Engineering and Its Applications},
   volume = {8},
   number = {5},
   pages = {219-230},
   ISSN = {1738-9984},
   DOI = {http://dx.doi.org/10.14257/ijseia.2014.8.5.17},
   year = {2014},
   type = {Journal Article}
}

@phdthesis{Kampert2010,
   author = {Kampert, Paulus},
   title = {A taxonomy of virtualization technologies},
   type = {Master},
   year = {2010},
   type = {Thesis}
}

@article{Klement2017,
   author = {Klement, Milan},
   title = {Models of integration of virtualization in education: Virtualization technology and possibilities of its use in education},
   journal = {Computers `|\&' Education},
   volume = {105},
   pages = {31-43},
   ISSN = {0360-1315},
   DOI = {10.1016/j.compedu.2016.11.006},
   url = {http://uniquindio.elogim.com:2048/login?url=http://search.ebscohost.com/login.aspx?direct=true&db=edselp&AN=S0360131516302184&lang=es&site=eds-live&scope=site
http://www.sciencedirect.com/science/article/pii/S0360131516302184},
   year = {2017},
   type = {Journal Article}
}

@inproceedings{Kon2017,
	author = {Kon, J. and Mizusawa, N. and Umezawa, A. and Yamaguchi, S. and Tao, J.},
	title = {Highly consolidated servers with container-based virtualization},
	booktitle = {2017 IEEE International Conference on Big Data (Big Data)},
	pages = {2472-2479},
	DOI = {10.1109/BigData.2017.8258205},
	year = {2017},
	type = {Conference Proceedings}
}

@article{Kurtzer2017,
	author = {Kurtzer, Gregory M and Sochat, Vanessa and Bauer, Michael W J PloS one},
	title = {Singularity: Scientific containers for mobility of compute},
	volume = {12},
	number = {5},
	pages = {e0177459},
	ISSN = {1932-6203},
	year = {2017},
	type = {Journal Article}
}


@book{Kusnetzky2011,
	title={Virtualization: A manager's guide},
	author={Kusnetzky, Dan},
	year={2011},
	publisher={O'Reilly Media, Inc.}
}




@book{Lindholm1997,
	author = {Lindholm, Tim and Yellin, Frank and Bracha, Gildad and Buckley, Alex},
	title = {The java virtual machine specification},
	publisher = {Addison-Wesley},
	year = {1997},
	type = {Book}
}


@book{Marshall2006,
	author = {Marshall, David and Reynolds, Wade A and McCrory, Dave},
	title = {Advanced server virtualization: VMware and Microsoft platforms in the virtual data center},
	publisher = {Auerbach Publications},
	ISBN = {1420013165},
	year = {2006},
	type = {Book}
}

@article{Oludele2014,
	author = {Oludele, Awodele and Ogu, Emmanuel C and Kuyoro‘Shade, Umezuruike Chinecherem },
	title = {On the evolution of virtualization and Cloud Computing: A review},
	journal = {ApplicationsJournal of Computer Sciences},
	volume = {2},
	number = {3},
	pages = {40-43},
	year = {2014},
	type = {Journal Article}
}

@article{Pessolani2012,
   author = {Pessolani, Pablo Andrés and Gonnet, Silvio M. and Tinetti, Fernando Gustavo and Cortes, Toni},
   title = {Sistema de virtualización con recursos distribuidos},
   journal = {XIV Workshop de Investigadores en Ciencias de la Computación},
   ISSN = {9507660828},
   year = {2012},
   type = {Journal Article}
}

@article{Pek2013,
	author = {Pék, Gábor and Buttyán, Levente and Bencsáth, Boldizsár},
	title = {A survey of security issues in hardware virtualization},
	journal = {ACM Computing Surveys (CSUR)},
	volume = {45},
	number = {3},
	pages = {40},
	ISSN = {0360-0300},
	DOI = {10.1145/2480741.2480757},
	year = {2013},
	type = {Journal Article}
}

@article{Popek1974,
   author = {Popek, Gerald J and Goldberg, Robert P},
   title = {Formal requirements for virtualizable third generation architectures},
   journal = {Communications of the ACM},
   volume = {17},
   number = {7},
   pages = {412-421},
   ISSN = {0001-0782},
   year = {1974},
   type = {Journal Article}
}

@inproceedings{Ranjith2017,
	author = {Ranjith, D. and Tamizharasi, G. S. and Balamurugan, B.},
	title = {A survey on current trends to future trends in green computing},
	booktitle = {2017 International conference of Electronics, Communication and Aerospace Technology (ICECA)},
	volume = {1},
	pages = {632-637},
	year = {2015},
	DOI = {10.1109/ICECA.2017.8203616},
	type = {Conference Proceedings}
}


@article{Rios2015,
   author = {Rios, Edgar Rodriguez},
   title = {Las universidades y el acceso a los recursos educativos abiertos},
   journal = {HETS Online Journal},
   volume = {6},
   number = {1},
   year = {2015},
   type = {Journal Article}
}

@book{Silberschatz2014,
   author = {Silberschatz, Abraham and Galvin, Peter Baer and Gagne, Greg},
   title = {Operating system concepts essentials},
   publisher = {John Wiley \& Sons, Inc.},
   year = {2014},
   type = {Book}
}

@inproceedings{Sukmana2016,
	author = {Sukmana, H. T. and Ichsani, Y. and Putra, S. J.},
	title = {Implementation of Server Consolidation Method on a Data Center by using Virtualization Technique: A Case Study},
	booktitle = {2016 International Conference on Informatics and Computing (ICIC)},
	pages = {277-282},
	year = {2016},
	DOI = {10.1109/IAC.2016.7905729},
	type = {Conference Proceedings}
}



@article{Thathera2015,
	author = {Thathera, Honey and Shashi, H. and Rajput, Dharmendra Singh},
	title = {Green Computing: An Earth Friendly System},
	ISSN = {2319-7094},
	year = {2015},
	type = {Journal Article}
}

@book{Turnbull2014,
	author = {Turnbull, James X.},
	title = {The Docker Book: Containerization is the new virtualization},
	publisher = {James Turnbull},
	year = {2014},
	type = {Book}
}


@misc{UQACA075,
	author={{Universidad del Quindío}},
	title = {Acuerdo 075 del Consejo Académico},
	volume = {2017},
	number = {2017-06-01},
	url = {http://ecm.uniquindio.edu.co/resultado.php?oid=5781c4e0-222a-4e63-80a6-e05558c4a092},
	year = {2017},
	type = {Web Page}
}

@article{UQ1996,
    author={{Universidad del Quindío}},
	title = {Acuerdo 010 del Consejo Superior},
	url = {http://www.uniquindio.edu.co/asuntos_docentes/descargar.php?idFile=10749},
	year = {1996},
	type = {Journal Article}
}

@article{UQPlanDesarrolloPro2016,
   author = {{Universidad del Quindío}},
   title = {Plan de Desarrollo Profesoral 2016-2020 de la Facultad de Ingeniería},
   url = {http://www.uniquindio.edu.co/ingenieria/#},
   year = {2016},
   type = {Journal Article}
}

@article{UQProyectoEducativoFacultad,
   author = {{Facultad de Ingenier\'ia}},
   title = {Proyecto Educativo de la Facultad de Ingenier\'ia para el periodo 2016-2025.},
   volume = {2017},
   year = {2016},
   type = {Journal Article}
}

@misc{Singularity2018,
	author = {{Singularity web site}},
	title = {Website - Releases},
	year = {2018 (accessed Dic 29, 2018)}, 
	howpublished = "\url{https://singularity.lbl.gov/all-releases}",
	type = {misc}
}


@mastersthesis{Solis2014,
	author = {Solís, José Vicente Ros},
	title = {Análisis de un plan de continuidad de servicios clave mediante infraestructuras virtualizadas privadas},
	year = {2014},
	school = {Universidad Politécnica de Valencia},
	type = {masterthesis}
}

@book{Stallings2015,
	author = {Stallings, William},
	title = {Operating Systems: internals and design principles},
	publisher = {Pearson},
	edition = {9th},
	year = {2015},
	type = {Book}
}

@inproceedings{Varian1997,
	author = {Varian, Melinda},
	year = {1997},
	title = {Vm and the vm community: Past, present, and future},
	booktitle = {SHARE},
	volume = {89},
	pages = {9059-9061},
	type = {Conference Proceedings}
}

@article{Varasteh2017,
	author = {Varasteh, Amir and Goudarzi, Maziar},
	title = {Server consolidation techniques in virtualized data centers: A survey},
	journal = {IEEE Systems Journal},
	volume = {11},
	number = {2},
	pages = {772-783},
	ISSN = {1932-8184},
	year = {2017},
	type = {Journal Article}
}

@article{VMware2008,
   author = {VMware},
   title = {Understanding Full Virtualization, Paravirtualization, and Hardware Assist},
   url = {https://www.vmware.com/techpapers/2007/understanding-full-virtualization-paravirtualizat-1008.html},
   year = {2008},
   type = {Journal Article}
}
